%% This BibTeX bibliography file was created using BibDesk.
%% https://bibdesk.sourceforge.io/

%% Created for Tian  at 2024-09-24 16:33:38 +0800


%% Saved with string encoding Unicode (UTF-8)



@article{ceriotti_i-pi-1.0_2014,
	author = {Ceriotti, Michele and More, Joshua and Manolopoulos, David E.},
	date = {2014-03-01},
	date-modified = {2024-09-24 16:33:31 +0800},
	issn = {0010-4655},
	journaltitle = {Computer Physics Communications},
	keywords = {Molecular dynamics, Path integral},
	number = {3},
	pages = {1019--1026},
	shorttitle = {i-{PI}},
	title = {i-{PI}: A Python interface for ab initio path integral molecular dynamics simulations},
	urldate = {2024-01-10},
	volume = {185},
	bdsk-url-1 = {https://www.sciencedirect.com/science/article/pii/S001046551300372X},
	bdsk-url-2 = {https://doi.org/10.1016/j.cpc.2013.10.027}}

@article{kapil_i-pi-2.0_2019,
	author = {Kapil, Venkat and Rossi, Mariana and Marsalek, Ondrej and Petraglia, Riccardo and Litman, Yair and Spura, Thomas and Cheng, Bingqing and Cuzzocrea, Alice and Mei{\ss}ner, Robert H. and Wilkins, David M. and Helfrecht, Benjamin A. and Juda, Przemys{\l}aw and Bienvenue, S{\'e}bastien P. and Fang, Wei and Kessler, Jan and Poltavsky, Igor and Vandenbrande, Steven and Wieme, Jelle and Corminboeuf, Clemence and K{\"u}hne, Thomas D. and Manolopoulos, David E. and Markland, Thomas E. and Richardson, Jeremy O. and Tkatchenko, Alexandre and Tribello, Gareth A. and Van Speybroeck, Veronique and Ceriotti, Michele},
	date = {2019-03-01},
	date-modified = {2024-09-24 16:33:31 +0800},
	issn = {0010-4655},
	journaltitle = {Computer Physics Communications},
	keywords = {Accelerated sampling, Geometry optimizers, Molecular dynamics, Path integral},
	pages = {214--223},
	shorttitle = {i-{PI} 2.0},
	title = {i-{PI} 2.0: A universal force engine for advanced molecular simulations},
	urldate = {2024-09-19},
	volume = {236},
	bdsk-url-1 = {https://www.sciencedirect.com/science/article/pii/S0010465518303436},
	bdsk-url-2 = {https://doi.org/10.1016/j.cpc.2018.09.020}}

@article{litman_i-pi-3.0_2024,
	author = {Litman, Yair and Kapil, Venkat and Feldman, Yotam M. Y. and Tisi, Davide and Begu{\v s}i{\'c}, Tomislav and Fidanyan, Karen and Fraux, Guillaume and Higer, Jacob and Kellner, Matthias and Li, Tao E. and P{\'o}s, Eszter S. and Stocco, Elia and Trenins, George and Hirshberg, Barak and Rossi, Mariana and Ceriotti, Michele},
	date = {2024-08-14},
	date-modified = {2024-09-24 16:33:31 +0800},
	issn = {0021-9606, 1089-7690},
	journaltitle = {The Journal of Chemical Physics},
	langid = {english},
	number = {6},
	pages = {062504},
	shorttitle = {i-{PI} 3.0},
	title = {i-{PI} 3.0: A flexible and efficient framework for advanced atomistic simulations},
	urldate = {2024-09-18},
	volume = {161},
	bdsk-url-1 = {https://pubs.aip.org/jcp/article/161/6/062504/3308034/i-PI-3-0-A-flexible-and-efficient-framework-for},
	bdsk-url-2 = {https://doi.org/10.1063/5.0215869}}

@article{xu_m-sparc-1.0_2020,
	author = {Xu, Qimen and Sharma, Abhiraj and Suryanarayana, Phanish},
	date-modified = {2024-09-24 16:33:31 +0800},
	issn = {2352-7110},
	journal = {SoftwareX},
	langid = {english},
	month = jan,
	pages = 100423,
	publisher = {Elsevier BV},
	title = {M-{SPARC}: Matlab-Simulation Package for Ab-initio Real-space Calculations},
	volume = 11,
	year = 2020,
	bdsk-url-1 = {http://dx.doi.org/10.1016/j.softx.2020.100423}}

@article{zhang_m-sparc-2.0_2023,
	author = {Zhang, Boqin and Jing, Xin and Kumar, Shashikant and Suryanarayana, Phanish},
	date-modified = {2024-09-24 16:33:31 +0800},
	issn = {2352-7110},
	journal = {SoftwareX},
	month = feb,
	pages = 101295,
	publisher = {Elsevier BV},
	title = {Version 2.0.0 - M-SPARC: Matlab-Simulation Package for Ab-initio Real-space Calculations},
	volume = 21,
	year = 2023,
	bdsk-url-1 = {http://dx.doi.org/10.1016/j.softx.2022.101295}}

@article{xu_sparc-1.0_2021,
	author = {Xu, Qimen and Sharma, Abhiraj and Comer, Benjamin and Huang, Hua and Chow, Edmond and Medford, Andrew J. and Pask, John E. and Suryanarayana, Phanish},
	date-modified = {2024-09-24 16:33:31 +0800},
	issn = {2352-7110},
	journal = {SoftwareX},
	month = jul,
	pages = 100709,
	publisher = {Elsevier BV},
	title = {SPARC: Simulation Package for Ab-initio Real-space Calculations},
	volume = 15,
	year = 2021,
	bdsk-url-1 = {http://dx.doi.org/10.1016/j.softx.2021.100709}}

@article{zhang_sparc-2.0_2024,
	author = {Zhang, Boqin and Jing, Xin and Xu, Qimen and Kumar, Shashikant and Sharma, Abhiraj and Erlandson, Lucas and Sahoo, Sushree Jagriti and Chow, Edmond and Medford, Andrew J. and Pask, John E. and Suryanarayana, Phanish},
	date-modified = {2024-09-24 16:33:31 +0800},
	issn = {2665-9638},
	journal = {Software Impacts},
	month = may,
	pages = 100649,
	publisher = {Elsevier BV},
	title = {SPARC v2.0.0: Spin-orbit coupling, dispersion interactions, and advanced exchange--correlation functionals},
	volume = 20,
	year = 2024,
	bdsk-url-1 = {http://dx.doi.org/10.1016/j.simpa.2024.100649}}

@article{gavini_exascale_2023,
  author       = {Gavini, Vikram and Baroni, Stefano and Blum, Volker
                  and Bowler, David R and Buccheri, Alexander and
                  Chelikowsky, James R and Das, Sambit and Dawson,
                  William and Delugas, Pietro and Dogan, Mehmet and
                  Draxl, Claudia and Galli, Giulia and Genovese, Luigi
                  and Giannozzi, Paolo and Giantomassi, Matteo and
                  Gonze, Xavier and Govoni, Marco and Gygi, François
                  and Gulans, Andris and Herbert, John M and Kokott,
                  Sebastian and Kühne, Thomas D and Liou, Kai-Hsin and
                  Miyazaki, Tsuyoshi and Motamarri, Phani and Nakata,
                  Ayako and Pask, John E and Plessl, Christian and
                  Ratcliff, Laura E and Richard, Ryan M and Rossi,
                  Mariana and Schade, Robert and Scheffler, Matthias
                  and Schütt, Ole and Suryanarayana, Phanish and
                  Torrent, Marc and Truflandier, Lionel and Windus,
                  Theresa L and Xu, Qimen and Yu, Victor W-Z and
                  Perez, D},
  title	       = {Roadmap on electronic structure codes in the
                  exascale era},
  journal      = {Modelling and Simulation in Materials Science and
                  Engineering},
  year	       = 2023,
  volume       = 31,
  number       = 6,
  month	       = aug,
  pages	       = 063301,
  issn	       = {1361-651X},
  doi	       = {10.1088/1361-651x/acdf06},
  url	       = {http://dx.doi.org/10.1088/1361-651X/acdf06},
  publisher    = {IOP Publishing}
}



@article{timmerman_otf_md_sparc_2024,
  author       = {Timmerman, Lucas R. and Kumar, Shashikant and
                  Suryanarayana, Phanish and Medford, Andrew J.},
  title	       = {Overcoming the Chemical Complexity Bottleneck in
                  on-the-Fly Machine Learned Molecular Dynamics
                  Simulations},
  journal      = {Journal of Chemical Theory and Computation},
  year	       = 2024,
  volume       = 20,
  number       = 14,
  month	       = jul,
  pages	       = {5788–5795},
  issn	       = {1549-9626},
  doi	       = {10.1021/acs.jctc.4c00474},
  url	       = {http://dx.doi.org/10.1021/acs.jctc.4c00474},
  publisher    = {American Chemical Society (ACS)}
}

@article{kumar_otf_mlff_sparc_2024,
  author       = {Kumar, Shashikant and Jing, Xin and Pask, John
                  E. and Suryanarayana, Phanish},
  title	       = {On-the-fly machine learned force fields for the
                  study of warm dense matter: Application to diffusion
                  and viscosity of CH},
  journal      = {Physics of Plasmas},
  year	       = 2024,
  volume       = 31,
  number       = 4,
  month	       = apr,
  issn	       = {1089-7674},
  doi	       = {10.1063/5.0204229},
  url	       = {http://dx.doi.org/10.1063/5.0204229},
  publisher    = {AIP Publishing}
}



@article{larsen_ase_2017,
	author = {Larsen, Ask Hjorth and Mortensen, Jens J{\o}rgen and Blomqvist, Jakob and Castelli, Ivano E. and Christensen, Rune and Du{\l}ak, Marcin and Friis, Jesper and Groves, Michael N. and Hammer, Bj{\o}rk and Hargus, Cory and Hermes, Eric D. and Jennings, Paul C. and Jensen, Peter Bjerre and Kermode, James and Kitchin, John R. and Kolsbjerg, Esben Leonhard and Kubal, Joseph and Kaasbjerg, Kristen and Lysgaard, Steen and Maronsson, J{\'o}n Bergmann and Maxson, Tristan and Olsen, Thomas and Pastewka, Lars and Peterson, Andrew and Rostgaard, Carsten and Schi{\o}tz, Jakob and Sch{\"u}tt, Ole and Strange, Mikkel and Thygesen, Kristian S. and Vegge, Tejs and Vilhelmsen, Lasse and Walter, Michael and Zeng, Zhenhua and Jacobsen, Karsten W.},
	date-modified = {2024-09-24 16:33:31 +0800},
	issn = {0953-8984},
	journaltitle = {J. Phys.: Condens. Matter},
	number = {27},
	pages = {273002},
	title = {The atomic simulation environment---a Python library for working with atoms},
	volume = {29},
	bdsk-url-1 = {https://dx.doi.org/10.1088/1361-648X/aa680e}}

@article{bartok_soap_2013,
	author = {Bart{\'o}k, Albert P. and Kondor, Risi and Cs{\'a}nyi, G{\'a}bor},
	date = {2013-05-28},
	date-modified = {2024-09-24 16:33:31 +0800},
	file = {APS Snapshot:/Users/ttian/Zotero/storage/RTK2PZJT/PhysRevB.87.html:text/html;Full Text PDF:/Users/ttian/Zotero/storage/H68MFXR2/Bart{\'o}k et al. - 2013 - On representing chemical environments.pdf:application/pdf},
	journaltitle = {Phys. Rev. B},
	note = {Publisher: American Physical Society},
	number = {18},
	pages = {184115},
	title = {On representing chemical environments},
	urldate = {2024-01-10},
	volume = {87},
	bdsk-url-1 = {https://link.aps.org/doi/10.1103/PhysRevB.87.184115},
	bdsk-url-2 = {https://doi.org/10.1103/PhysRevB.87.184115}}

@article{deringer_gpr_2021,
	author = {Deringer, Volker L. and Bart{\'o}k, Albert P. and Bernstein, Noam and Wilkins, David M. and Ceriotti, Michele and Cs{\'a}nyi, G{\'a}bor},
	date = {2021-08-25},
	date-modified = {2024-09-24 16:33:31 +0800},
	issn = {0009-2665},
	journaltitle = {Chem. Rev.},
	number = {16},
	pages = {10073--10141},
	title = {Gaussian Process Regression for Materials and Molecules},
	urldate = {2024-01-10},
	volume = {121},
	bdsk-url-1 = {https://doi.org/10.1021/acs.chemrev.1c00022}}

@article{ong_pymatgen_2013,
	author = {Ong, Shyue Ping and Richards, William Davidson and Jain, Anubhav and Hautier, Geoffroy and Kocher, Michael and Cholia, Shreyas and Gunter, Dan and Chevrier, Vincent L. and Persson, Kristin A. and Ceder, Gerbrand},
	date = {2013-02-01},
	date-modified = {2024-09-24 16:33:31 +0800},
	issn = {0927-0256},
	journaltitle = {Computational Materials Science},
	keywords = {Materials, Design, High-throughput, Project, Thermodynamics},
	pages = {314--319},
	shorttitle = {Python Materials Genomics (pymatgen)},
	title = {Python Materials Genomics (pymatgen): A robust, open-source python library for materials analysis},
	urldate = {2024-01-10},
	volume = {68},
	bdsk-url-1 = {https://www.sciencedirect.com/science/article/pii/S0927025612006295},
	bdsk-url-2 = {https://doi.org/10.1016/j.commatsci.2012.10.028}}

@article{bonomi_plumed_2019,
 	title = {Promoting transparency and reproducibility in enhanced molecular simulations},
 	volume = {16},
 	rights = {2019 Springer Nature America, Inc.},
 	issn = {1548-7105},
 	url = {https://www.nature.com/articles/s41592-019-0506-8},
 	doi = {10.1038/s41592-019-0506-8},
 	pages = {670--673},
 	number = {8},
 	journaltitle = {Nat Methods},
 	author = {Bonomi, Massimiliano and Bussi, Giovanni and Camilloni, Carlo and Tribello, Gareth A. and Banáš, Pavel and Barducci, Alessandro and Bernetti, Mattia and Bolhuis, Peter G. and Bottaro, Sandro and Branduardi, Davide and Capelli, Riccardo and Carloni, Paolo and Ceriotti, Michele and Cesari, Andrea and Chen, Haochuan and Chen, Wei and Colizzi, Francesco and De, Sandip and De La Pierre, Marco and Donadio, Davide and Drobot, Viktor and Ensing, Bernd and Ferguson, Andrew L. and Filizola, Marta and Fraser, James S. and Fu, Haohao and Gasparotto, Piero and Gervasio, Francesco Luigi and Giberti, Federico and Gil-Ley, Alejandro and Giorgino, Toni and Heller, Gabriella T. and Hocky, Glen M. and Iannuzzi, Marcella and Invernizzi, Michele and Jelfs, Kim E. and Jussupow, Alexander and Kirilin, Evgeny and Laio, Alessandro and Limongelli, Vittorio and Lindorff-Larsen, Kresten and Löhr, Thomas and Marinelli, Fabrizio and Martin-Samos, Layla and Masetti, Matteo and Meyer, Ralf and Michaelides, Angelos and Molteni, Carla and Morishita, Tetsuya and Nava, Marco and Paissoni, Cristina and Papaleo, Elena and Parrinello, Michele and Pfaendtner, Jim and Piaggi, Pablo and Piccini, GiovanniMaria and Pietropaolo, Adriana and Pietrucci, Fabio and Pipolo, Silvio and Provasi, Davide and Quigley, David and Raiteri, Paolo and Raniolo, Stefano and Rydzewski, Jakub and Salvalaglio, Matteo and Sosso, Gabriele Cesare and Spiwok, Vojtěch and Šponer, Jiří and Swenson, David W. H. and Tiwary, Pratyush and Valsson, Omar and Vendruscolo, Michele and Voth, Gregory A. and White, Andrew and {The PLUMED consortium}},
 	urldate = {2024-09-18},
 	date = {2019-08},
 	langid = {english},
 	note = {Publisher: Nature Publishing Group},
 	keywords = {Culture, Software},
 }

@article{mortensen_gpaw_original_2005,
  author       = {Mortensen, J. J. and Hansen, L. B. and Jacobsen,
                  K. W.},
  title	       = {Real-space grid implementation of the projector
                  augmented wave method},
  journal      = {Physical Review B},
  year	       = 2005,
  volume       = 71,
  number       = 3,
  month	       = jan,
  issn	       = {1550-235X},
  doi	       = {10.1103/physrevb.71.035109},
  url	       = {http://dx.doi.org/10.1103/PhysRevB.71.035109},
  publisher    = {American Physical Society (APS)}
}

@article{enkovaara_gpaw_1_2011,
  author       = {Enkovaara, Jussi and Romero, Nichols A. and Shende,
                  Sameer and Mortensen, Jens J.},
  title	       = {GPAW - massively parallel electronic structure
                  calculations with Python-based software},
  journal      = {Procedia Computer Science},
  year	       = 2011,
  volume       = 4,
  pages	       = {17–25},
  issn	       = {1877-0509},
  doi	       = {10.1016/j.procs.2011.04.003},
  url	       = {http://dx.doi.org/10.1016/j.procs.2011.04.003},
  publisher    = {Elsevier BV}
}

@article{mortensen_gpaw_2_2024,
  author       = {Mortensen, Jens Jørgen and Larsen, Ask Hjorth and
                  Kuisma, Mikael and Ivanov, Aleksei V. and
                  Taghizadeh, Alireza and Peterson, Andrew and Haldar,
                  Anubhab and Dohn, Asmus Ougaard and Schäfer,
                  Christian and Jónsson, Elvar Örn and Hermes, Eric
                  D. and Nilsson, Fredrik Andreas and Kastlunger,
                  Georg and Levi, Gianluca and Jónsson, Hannes and
                  Häkkinen, Hannu and Fojt, Jakub and Kangsabanik,
                  Jiban and Sødequist, Joachim and Lehtomäki, Jouko
                  and Heske, Julian and Enkovaara, Jussi and Winther,
                  Kirsten Trøstrup and Dulak, Marcin and Melander,
                  Marko M. and Ovesen, Martin and Louhivuori, Martti
                  and Walter, Michael and Gjerding, Morten and
                  Lopez-Acevedo, Olga and Erhart, Paul and Warmbier,
                  Robert and Würdemann, Rolf and Kaappa, Sami and
                  Latini, Simone and Boland, Tara Maria and Bligaard,
                  Thomas and Skovhus, Thorbjørn and Susi, Toma and
                  Maxson, Tristan and Rossi, Tuomas and Chen, Xi and
                  Schmerwitz, Yorick Leonard A. and Schiøtz, Jakob and
                  Olsen, Thomas and Jacobsen, Karsten Wedel and
                  Thygesen, Kristian Sommer},
  title	       = {GPAW: An open Python package for electronic
                  structure calculations},
  journal      = {The Journal of Chemical Physics},
  year	       = 2024,
  volume       = 160,
  number       = 9,
  month	       = mar,
  issn	       = {1089-7690},
  doi	       = {10.1063/5.0182685},
  url	       = {http://dx.doi.org/10.1063/5.0182685},
  publisher    = {AIP Publishing}
}
